<?xml version="1.0" encoding="UTF-8"?><collection xmlns="http://www.loc.gov/MARC21/slim"><record><leader>00378nam--2200121-i-4500</leader><controlfield tag="001">000018312</controlfield><controlfield tag="002">20161230</controlfield><controlfield tag="005">20161230201032</controlfield><controlfield tag="008">060222s1000------------r-----000-0-eng-d</controlfield><datafield ind1=" " ind2=" " tag="100"><subfield code="a">Djatschenko, P.J./S.A.</subfield></datafield><datafield ind1=" " ind2=" " tag="245"><subfield code="a">Verschleissuntersuchungen mit hilfe radioaktiver isotope.deutsch. redaktion : fleischer</subfield></datafield><datafield ind1=" " ind2=" " tag="260"><subfield code="a">Berlin, Veb Verlag Technik, 1958. 131 P., 82 Fig</subfield></datafield><datafield ind1=" " ind2=" " tag="852"><subfield code="a">6805</subfield></datafield></record></collection>